@misc{rosenbaum_2004, title={Picking the Difference Makers for the All-NBA Teams}, url={http://www.82games.com/comm30.htm}, journal={82Games}, author={Rosenbaum, Dan T.}, year={2004}, month={Apr}}

@article{maymin_2012, title={NBA Chemistry: Positive and Negative Synergies in Basketball}, DOI={10.2139/ssrn.1935972}, journal={Sloan Sports Analytics Conference}, author={Maymin, Allan and Maymin, Philip and Shen, Eugene}, year={2012}, month={Mar}}

@article{rousseeuw_1987, title={Silhouettes: A graphical aid to the interpretation and validation of cluster analysis}, volume={20}, DOI={10.1016/0377-0427(87)90125-7}, journal={Journal of Computational and Applied Mathematics}, author={Rousseeuw, Peter J.}, year={1987}, pages={53â€“65}}

@article{sill_2010, title={Improved NBA Adjusted /- Using Regularization and Out-of-Sample Testing}, url={http://www.sloansportsconference.com/wp-content/uploads/2015/09/joeSillSloanSportsPaperWithLogo.pdf}, DOI={10.1107/s0108768104025947/bm5015sup1.cif}, journal={Sloan Sports Analytics Conference}, author={Sill, Joseph}, year={2010}, month={Mar}}

@misc{englemann_2015, title={YouTube}, url={https://www.youtube.com/watch?v=OuC0YZTADcE}, journal={YouTube}, publisher={YouTube}, author={Englemann, Jeremias}, year={2015}, month={Nov}}

@misc{schrage_2014, title={Team Chemistry Is the New Holy Grail of Performance Analytics}, url={https://hbr.org/2014/03/team-chemistry-is-the-new-holy-grail-of-performance-analytics}, journal={Harvard Business Review}, author={Schrage, Michael}, year={2014}, month={Mar}}

@misc{myers_2011, title={A Review of Adjusted Plus/Minus and Stabilization}, url={http://godismyjudgeok.com/DStats/2011/nba-stats/a-review-of-adjusted-plusminus-and-stabilization/}, journal={Chosen Stats}, author={Myers, Daniel}, year={2011}, month={May}}
