@misc{SportingCharts,
    title = "Basketball Plus-Minus",
    year = "2015",
    author = {{Sporting Charts}},
    howpublished = "\url{https://www.sportingcharts.com/dictionary/nba/basketball-plus-minus.aspx}"
}

@misc{Rosenbaum,
    title = "Measuring How NBA Players Help Their Teams Win",
    year = "2004",
    author = "Dan Rosenbaum",
    howpublished = "\url{http://www.82games.com/comm30.htm}"
}

@misc{Roland,
    title = "NBA Roland Ratings",
    year = "2003",
    author = "Roland Beech",
    howpublished = "\url{http://www.82games.com/rolandratings.htm}"
}

@misc{Ilardi,
    title = "Adjusted Plus-Minus Ratings: New and Improved for 2007-2008",
    year = "2008",
    author = "Steve Ilardi and Aaron Barzilai",
    howpublished = "\url{http://www.82games.com/ilardi2.htm}"
}

@misc{Engelmann,
    title = "Estimating a player's influence on his teammates' box score statistics
        using a modified adjusted +/- framework",
    year = "2015",
    author = "Jeremias Engelmann",
    howpublished = "\url{https://www.youtube.com/watch?v=OuC0YZTADcE&t=701s}"
}

@article{Sill,
    title = "Improved NBA Adjusted +/- Using Regularization and Out-of-Sample
        Testing",
    author = "Joseph Sill",
    year = "2010",
    journal = "Sloan Sports Analytics Conference",
}

@article{Ridge,
    title = "Collinearity and Stability in the Estimation of Rainfall-Runoff Model
        Parameters",
    author = "Peter Kitanidis and Rafael Bras",
    year = "1979",
    journal = "Journal of Hydrology"
}

@book{Bishop,
    title = "Pattern Recognition and Machine Learning",
    author = "Christopher Bishop",
    year = "2006",
    publisher = "Springer",
}

@article{Fearnhead,
    title = "On Estimating the Ability of NBA Players",
    author = "Paul Fearnhead and Benjamin Taylor",
    year = "2011",
    journal = "Journal of Quantitative Analysis in Sports"
}

@article{Maymin,
    title = "NBA Chemistry: Positive and Negative Synergies in Basketball",
    author = "Allan Maymin and Philip Maymin and Eugene Shen",
    journal = "International Journal of Computer Science in Sport",
    year = "2013"
}

@article{Kuehn,
    title = "Accounting for Complementary Skill Sets When Evaluating NBA Players'
        Values to a Specific Team",
    author = "Joseph Kuehn",
    year = "2016",
    journal = "Sloan Sports Analytics Conference"
}

@misc{Arcidiacono,
    title = "Productivity Spillovers in Team Production: Evidence from Professional
        Basketball",
    author = "Peter Arcidiacono and Josh Kinsler and Joseph Price",
    year = "2015",
    howpublished = "\url{http://public.econ.duke.edu/~psarcidi/multiable.pdf}"
}

@misc{BKRef,
    title = "Basketball Reference",
    author = {{Basketball Reference}},
    year = "2017",
    howpublished = "\url{http://www.basketball-reference.com}"
}

@misc{Sportsref,
    title = "Sportsref",
    author = "Matt Goldberg",
    year = "2017",
    howpublished = "\url{https://github.com/mdgoldberg/sportsref}"
}

@article{PCA,
    title = "Analysis of a complex of statistical variables into principal
        components",
    author = "Harold Hotelling",
    year = "1933",
    journal = "Journal of Educational Psychology"
}

@article{Isomap,
    title = "A Global Geometric Framework for Nonlinear Dimensionality Reduction",
    author = "Joshua B. Tenenbaum and Vin de Silva and John C. Langford",
    year = "2000",
    journal = "Science"
}

@article{LLE,
    title = "Nonlinear Dimensionality Reduction by Locally Linear Embedding",
    author = "Sam T. Roweis and Lawrence K. Saul",
    year = "2000",
    journal = "Science"
}

@misc{Ringer,
    title = "The NBAâ€™s New Lineups of Death",
    author = "Jonathan Tjarks",
    year = "2016",
    howpublished =
        "\url{https://theringer.com/the-nbas-new-lineups-of-death-7e52303954a1}"
}

@article{RF,
    title = "Random Forests",
    author = "Leo Breiman",
    year = "2001",
    journal = "Machine Learning"
}

@article{GB,
    title = "Greedy Function Approximation: A Gradient Boosting Machine",
    author = "Jerome Friedman",
    year = "2001",
    journal = "The Annals of Statistics"
}

@misc{Geekwire,
    title = "Microsoft happy with its NFL partnership thus far as Surface tablet
        becomes mainstay on sidelines",
    author = "Taylor Soper",
    year = "2016",
    howpublished =
        "\url{http://www.geekwire.com/2016/microsoft-happy-nfl-partnership-thus-far-surface-tablet-becomes-mainstay-sidelines/}"
}
